@article{DBLP:journals/corr/abs-1006-4955,
  author    = {J{\"{o}}rg Endrullis and
               Roel C. de Vrijer and
               Johannes Waldmann},
  title     = {Local Termination: theory and practice},
  journal   = {Logical Methods in Computer Science},
  volume    = {6},
  number    = {3},
  year      = {2010},
  url       = {http://arxiv.org/abs/1006.4955},
  timestamp = {Tue, 21 Sep 2010 13:36:51 +0200},
  biburl    = {http://dblp.uni-trier.de/rec/bib/journals/corr/abs-1006-4955},
  bibsource = {dblp computer science bibliography, http://dblp.org}
}


@article{DBLP:journals/iandc/Waldmann00,
  author    = {Johannes Waldmann},
  title     = {The Combinator {S}},
  journal   = {Inf. Comput.},
  volume    = {159},
  number    = {1-2},
  pages     = {2--21},
  year      = {2000},
  url       = {http://dx.doi.org/10.1006/inco.2000.2874},
  doi       = {10.1006/inco.2000.2874},
  timestamp = {Wed, 06 Jul 2011 21:24:18 +0200},
  biburl    = {http://dblp.uni-trier.de/rec/bib/journals/iandc/Waldmann00},
  bibsource = {dblp computer science bibliography, http://dblp.org}
}

@inproceedings{DBLP:conf/tphol/ThiemannS09,
  author    = {Ren{\'{e}} Thiemann and
               Christian Sternagel},
  title     = {Certification of Termination Proofs Using CeTA},
  booktitle = {Theorem Proving in Higher Order Logics, 22nd International Conference,
               TPHOLs 2009, Munich, Germany, August 17-20, 2009. Proceedings},
  pages     = {452--468},
  year      = {2009},
  crossref  = {DBLP:conf/tphol/2009},
  url       = {http://dx.doi.org/10.1007/978-3-642-03359-9_31},
  doi       = {10.1007/978-3-642-03359-9_31},
  timestamp = {Thu, 03 Sep 2009 22:14:13 +0200},
  biburl    = {http://dblp.uni-trier.de/rec/bib/conf/tphol/ThiemannS09},
  bibsource = {dblp computer science bibliography, http://dblp.org}
}

@proceedings{DBLP:conf/tphol/2009,
  editor    = {Stefan Berghofer and
               Tobias Nipkow and
               Christian Urban and
               Makarius Wenzel},
  title     = {Theorem Proving in Higher Order Logics, 22nd International Conference,
               TPHOLs 2009, Munich, Germany, August 17-20, 2009. Proceedings},
  series    = {Lecture Notes in Computer Science},
  volume    = {5674},
  publisher = {Springer},
  year      = {2009},
  url       = {http://dx.doi.org/10.1007/978-3-642-03359-9},
  doi       = {10.1007/978-3-642-03359-9},
  isbn      = {978-3-642-03358-2},
  timestamp = {Thu, 03 Sep 2009 22:10:29 +0200},
  biburl    = {http://dblp.uni-trier.de/rec/bib/conf/tphol/2009},
  bibsource = {dblp computer science bibliography, http://dblp.org}
}

@article{DBLP:journals/entcs/AlarconGIL07,
  author    = {Beatriz Alarc{\'{o}}n and
               Ra{\'{u}}l Guti{\'{e}}rrez and
               Jos{\'{e}} Iborra and
               Salvador Lucas},
  title     = {Proving Termination of Context-Sensitive Rewriting with {MU-TERM}},
  journal   = {Electr. Notes Theor. Comput. Sci.},
  volume    = {188},
  pages     = {105--115},
  year      = {2007},
  url       = {http://dx.doi.org/10.1016/j.entcs.2007.05.041},
  doi       = {10.1016/j.entcs.2007.05.041},
  timestamp = {Fri, 21 Sep 2007 12:20:50 +0200},
  biburl    = {http://dblp.uni-trier.de/rec/bib/journals/entcs/AlarconGIL07},
  bibsource = {dblp computer science bibliography, http://dblp.org}
}



@inproceedings{DBLP:conf/flops/AvanziniM08,
  author    = {Martin Avanzini and
               Georg Moser},
  title     = {Complexity Analysis by Rewriting},
  booktitle = {Functional and Logic Programming, 9th International Symposium, {FLOPS}
               2008, Ise, Japan, April 14-16, 2008. Proceedings},
  pages     = {130--146},
  year      = {2008},
  crossref  = {DBLP:conf/flops/2008},
  url       = {http://dx.doi.org/10.1007/978-3-540-78969-7_11},
  doi       = {10.1007/978-3-540-78969-7_11},
  timestamp = {Tue, 15 Apr 2008 12:54:05 +0200},
  biburl    = {http://dblp.uni-trier.de/rec/bib/conf/flops/AvanziniM08},
  bibsource = {dblp computer science bibliography, http://dblp.org}
}

@proceedings{DBLP:conf/flops/2008,
  editor    = {Jacques Garrigue and
               Manuel V. Hermenegildo},
  title     = {Functional and Logic Programming, 9th International Symposium, {FLOPS}
               2008, Ise, Japan, April 14-16, 2008. Proceedings},
  series    = {Lecture Notes in Computer Science},
  volume    = {4989},
  publisher = {Springer},
  year      = {2008},
  isbn      = {978-3-540-78968-0},
  timestamp = {Tue, 15 Apr 2008 12:52:35 +0200},
  biburl    = {http://dblp.uni-trier.de/rec/bib/conf/flops/2008},
  bibsource = {dblp computer science bibliography, http://dblp.org}
}


@article{DBLP:journals/tcs/ArtsG00,
  author    = {Thomas Arts and
               J{\"{u}}rgen Giesl},
  title     = {Termination of term rewriting using dependency pairs},
  journal   = {Theor. Comput. Sci.},
  volume    = {236},
  number    = {1-2},
  pages     = {133--178},
  year      = {2000},
  url       = {http://dx.doi.org/10.1016/S0304-3975(99)00207-8},
  doi       = {10.1016/S0304-3975(99)00207-8},
  timestamp = {Wed, 19 Nov 2003 16:09:55 +0100},
  biburl    = {http://dblp.uni-trier.de/rec/bib/journals/tcs/ArtsG00},
  bibsource = {dblp computer science bibliography, http://dblp.org}
}

@article{DBLP:journals/fuin/Zantema95,
  author    = {Hans Zantema},
  title     = {Termination of Term Rewriting by Semantic Labelling},
  journal   = {Fundam. Inform.},
  volume    = {24},
  number    = {1/2},
  pages     = {89--105},
  year      = {1995},
  url       = {http://dx.doi.org/10.3233/FI-1995-24124},
  doi       = {10.3233/FI-1995-24124},
  timestamp = {Mon, 12 Sep 2011 16:10:16 +0200},
  biburl    = {http://dblp.uni-trier.de/rec/bib/journals/fuin/Zantema95},
  bibsource = {dblp computer science bibliography, http://dblp.org}
}